
@article{Buras:2023ldz,
    author = "Buras, Andrzej J. and De Fazio, Fulvia",
    title = "{331 Model Predictions for Rare $B$ and $K$ Decays, and $\Delta F=2$ Processes: an Update}",
    eprint = "2301.02649",
    archivePrefix = "arXiv",
    primaryClass = "hep-ph",
    month = "1",
    year = "2023"
}
@article{Greljo:2022jac,
    author = "Greljo, Admir and Salko, Jakub and Smolkovi\v{c}, Aleks and Stangl, Peter",
    title = "{Rare $b$ decays meet high-mass Drell-Yan}",
    eprint = "2212.10497",
    archivePrefix = "arXiv",
    primaryClass = "hep-ph",
    month = "12",
    year = "2022"
}
@article{Das:2022mmh,
    author = "Das, Arindam and Nomura, Takaaki and Shimomura, Takashi",
    title = "{Multi muon/anti-muon signals via productions of gauge and scalar bosons in a $U(1)_{L_\mu-L_\tau}$ model at muonic colliders}",
    eprint = "2212.11674",
    archivePrefix = "arXiv",
    primaryClass = "hep-ph",
    reportNumber = "UME-PP-024, KYUSHU-HET-252",
    month = "12",
    year = "2022"
}
@article{Desai:2023jxh,
    author = "Desai, Nishita and Sengupta, Amartya",
    title = "{Status of leptoquark models after LHC Run-2 and discovery prospects at future colliders}",
    eprint = "2301.01754",
    archivePrefix = "arXiv",
    primaryClass = "hep-ph",
    month = "1",
    year = "2023"
}
@article{Varzielas:2023qlb,
    author = "Varzielas, Ivo de Medeiros and Sengupta, Amartya",
    title = "{Constraining flavoured leptoquarks with LHC and LFV}",
    eprint = "2301.04119",
    archivePrefix = "arXiv",
    primaryClass = "hep-ph",
    month = "1",
    year = "2023"
}
@article{Becirevic:2023aov,
    author = "Be\v{c}irevi\'c, Damir and Piazza, Gioacchino and Sumensari, Olcyr",
    title = "{Revisiting $B\to K^{(\ast)} \nu \bar{\nu}$ decays in the Standard Model and beyond}",
    eprint = "2301.06990",
    archivePrefix = "arXiv",
    primaryClass = "hep-ph",
    month = "1",
    year = "2023"
}





@article{Dorsner:2016wpm,
    author = "Dor\v{s}ner, I. and Fajfer, S. and Greljo, A. and Kamenik, J. F. and Ko\v{s}nik, N.",
    title = "{Physics of leptoquarks in precision experiments and at particle colliders}",
    eprint = "1603.04993",
    archivePrefix = "arXiv",
    primaryClass = "hep-ph",
    doi = "10.1016/j.physrep.2016.06.001",
    journal = "Phys. Rept.",
    volume = "641",
    pages = "1--68",
    year = "2016"
}

@article{Barbieri:2015yvd,
    author = "Barbieri, Riccardo and Isidori, Gino and Pattori, Andrea and Senia, Fabrizio",
    title = "{Anomalies in $B$-decays and $U(2)$ flavour symmetry}",
    eprint = "1512.01560",
    archivePrefix = "arXiv",
    primaryClass = "hep-ph",
    reportNumber = "ZU-TH-44-15",
    doi = "10.1140/epjc/s10052-016-3905-3",
    journal = "Eur. Phys. J. C",
    volume = "76",
    number = "2",
    pages = "67",
    year = "2016"
}

@article{Buttazzo:2017ixm,
    author = "Buttazzo, Dario and Greljo, Admir and Isidori, Gino and Marzocca, David",
    title = "{B-physics anomalies: a guide to combined explanations}",
    eprint = "1706.07808",
    archivePrefix = "arXiv",
    primaryClass = "hep-ph",
    reportNumber = "ZU-TH-18-17",
    doi = "10.1007/JHEP11(2017)044",
    journal = "JHEP",
    volume = "11",
    pages = "044",
    year = "2017"
}

@inproceedings{Altmannshofer:2022xri,
    author = "Altmannshofer, Wolfgang and Gadam, Sri Aditya and Profumo, Stefano",
    title = "{Snowmass White Paper: Probing New Physics with $\mu^+ \mu^- \to bs$ at a Muon Collider}",
    booktitle = "{2022 Snowmass Summer Study}",
    eprint = "2203.07495",
    archivePrefix = "arXiv",
    primaryClass = "hep-ph",
    month = "3",
    year = "2022"
}

@article{Huang:2021nkl,
    author = "Huang, Guo-yuan and Queiroz, Farinaldo S. and Rodejohann, Werner",
    title = "{Gauged $L^{}_{\mu}{-}L^{}_{\tau}$ at a muon collider}",
    eprint = "2101.04956",
    archivePrefix = "arXiv",
    primaryClass = "hep-ph",
    doi = "10.1103/PhysRevD.103.095005",
    journal = "Phys. Rev. D",
    volume = "103",
    number = "9",
    pages = "095005",
    year = "2021"
}


@article{Geng:2017svp,
    author = {Geng, Li-Sheng and Grinstein, Benjam\'\i{}n and J\"ager, Sebastian and Martin Camalich, Jorge and Ren, Xiu-Lei and Shi, Rui-Xiang},
    title = "{Towards the discovery of new physics with lepton-universality ratios of $b\to s\ell\ell$ decays}",
    eprint = "1704.05446",
    archivePrefix = "arXiv",
    primaryClass = "hep-ph",
    reportNumber = "CERN-TH-2017-085",
    doi = "10.1103/PhysRevD.96.093006",
    journal = "Phys. Rev. D",
    volume = "96",
    number = "9",
    pages = "093006",
    year = "2017"
}

@article{Ciuchini:2019usw,
    author = "Ciuchini, Marco and Coutinho, Ant\'onio M. and Fedele, Marco and Franco, Enrico and Paul, Ayan and Silvestrini, Luca and Valli, Mauro",
    title = "{New Physics in $b \to s \ell^+ \ell^-$ confronts new data on Lepton Universality}",
    eprint = "1903.09632",
    archivePrefix = "arXiv",
    primaryClass = "hep-ph",
    reportNumber = "CERN-TH-2019-033, DESY-19-043, DESY 19-043, UCI-TR-2019-07, UCI-TR-2019-0",
    doi = "10.1140/epjc/s10052-019-7210-9",
    journal = "Eur. Phys. J. C",
    volume = "79",
    number = "8",
    pages = "719",
    year = "2019"
}

@article{Datta:2019zca,
    author = "Datta, Alakabha and Kumar, Jacky and London, David",
    title = "{The $B$ anomalies and new physics in $b \to s e^+ e^-$}",
    eprint = "1903.10086",
    archivePrefix = "arXiv",
    primaryClass = "hep-ph",
    reportNumber = "UdeM-GPP-TH-19-270",
    doi = "10.1016/j.physletb.2019.134858",
    journal = "Phys. Lett. B",
    volume = "797",
    pages = "134858",
    year = "2019"
}

@article{Aebischer:2019mlg,
    author = "Aebischer, Jason and Altmannshofer, Wolfgang and Guadagnoli, Diego and Reboud, M\'eril and Stangl, Peter and Straub, David M.",
    title = "{$B$-decay discrepancies after Moriond 2019}",
    eprint = "1903.10434",
    archivePrefix = "arXiv",
    primaryClass = "hep-ph",
    doi = "10.1140/epjc/s10052-020-7817-x",
    journal = "Eur. Phys. J. C",
    volume = "80",
    number = "3",
    pages = "252",
    year = "2020"
}
@article{Ciuchini:2020gvn,
    author = "Ciuchini, Marco and Fedele, Marco and Franco, Enrico and Paul, Ayan and Silvestrini, Luca and Valli, Mauro",
    title = "{Lessons from the $B^{0,+}\to K^{*0,+}\mu^+\mu^-$ angular analyses}",
    eprint = "2011.01212",
    archivePrefix = "arXiv",
    primaryClass = "hep-ph",
    reportNumber = "DESY 20-190, DESY-20-190, HU-EP-20/30, HU 20/30, TTP20-037, P3H-20-064, UCI-TR 2020-18",
    doi = "10.1103/PhysRevD.103.015030",
    journal = "Phys. Rev. D",
    volume = "103",
    number = "1",
    pages = "015030",
    year = "2021"
}
@article{LHCb:2021trn,
    author = "Aaij, Roel and others",
    collaboration = "LHCb",
    title = "{Test of lepton universality in beauty-quark decays}",
    eprint = "2103.11769",
    archivePrefix = "arXiv",
    primaryClass = "hep-ex",
    reportNumber = "LHCb-PAPER-2021-004, CERN-EP-2021-042",
    doi = "10.1038/s41567-021-01478-8",
    journal = "Nature Phys.",
    volume = "18",
    number = "3",
    pages = "277--282",
    year = "2022"
}
@article{LHCb:2019hip,
    author = "Aaij, Roel and others",
    collaboration = "LHCb",
    title = "{Search for lepton-universality violation in $B^+\to K^+\ell^+\ell^-$ decays}",
    eprint = "1903.09252",
    archivePrefix = "arXiv",
    primaryClass = "hep-ex",
    reportNumber = "LHCb-PAPER-2019-009, CERN-EP-2019-043, LHCb-PAPER-2019-009 CERN-EP-2019-043",
    doi = "10.1103/PhysRevLett.122.191801",
    journal = "Phys. Rev. Lett.",
    volume = "122",
    number = "19",
    pages = "191801",
    year = "2019"
}
@article{LHCb:2021awg,
    author = "Aaij, Roel and others",
    collaboration = "LHCb",
    title = "{Measurement of the $B^0_s\to\mu^+\mu^-$ decay properties and search for the $B^0\to\mu^+\mu^-$ and $B^0_s\to\mu^+\mu^-\gamma$ decays}",
    eprint = "2108.09283",
    archivePrefix = "arXiv",
    primaryClass = "hep-ex",
    reportNumber = "CERN-EP-2021-133, LHCb-PAPER-2021-008",
    doi = "10.1103/PhysRevD.105.012010",
    journal = "Phys. Rev. D",
    volume = "105",
    number = "1",
    pages = "012010",
    year = "2022"
}
@article{LHCb:2021vsc,
    author = "Aaij, R. and others",
    collaboration = "LHCb",
    title = "{Analysis of Neutral B-Meson Decays into Two Muons}",
    eprint = "2108.09284",
    archivePrefix = "arXiv",
    primaryClass = "hep-ex",
    reportNumber = "CERN-CERN-EP-2021-132, LHCb-PAPER-2021-007",
    doi = "10.1103/PhysRevLett.128.041801",
    journal = "Phys. Rev. Lett.",
    volume = "128",
    number = "4",
    pages = "041801",
    year = "2022"
}

@article{LHCb:2017rmj,
    author = "Aaij, Roel and others",
    collaboration = "LHCb",
    title = "{Measurement of the $B^0_s\to\mu^+\mu^-$ branching fraction and effective lifetime and search for $B^0\to\mu^+\mu^-$ decays}",
    eprint = "1703.05747",
    archivePrefix = "arXiv",
    primaryClass = "hep-ex",
    reportNumber = "CERN-EP-2017-041, LHCB-PAPER-2017-001",
    doi = "10.1103/PhysRevLett.118.191801",
    journal = "Phys. Rev. Lett.",
    volume = "118",
    number = "19",
    pages = "191801",
    year = "2017"
}
@article{ATLAS:2018cur,
    author = "Aaboud, Morad and others",
    collaboration = "ATLAS",
    title = "{Study of the rare decays of $B^0_s$ and $B^0$ mesons into muon pairs using data collected during 2015 and 2016 with the ATLAS detector}",
    eprint = "1812.03017",
    archivePrefix = "arXiv",
    primaryClass = "hep-ex",
    reportNumber = "CERN-EP-2018-291",
    doi = "10.1007/JHEP04(2019)098",
    journal = "JHEP",
    volume = "04",
    pages = "098",
    year = "2019"
}
@article{CMS:2019bbr,
    author = "Sirunyan, Albert M and others",
    collaboration = "CMS",
    title = "{Measurement of properties of B$^0_\mathrm{s}\to\mu^+\mu^-$ decays and search for B$^0\to\mu^+\mu^-$ with the CMS experiment}",
    eprint = "1910.12127",
    archivePrefix = "arXiv",
    primaryClass = "hep-ex",
    reportNumber = "CMS-BPH-16-004, CERN-EP-2019-215",
    doi = "10.1007/JHEP04(2020)188",
    journal = "JHEP",
    volume = "04",
    pages = "188",
    year = "2020"
}
@article{Jager:2017gal,
    author = {J\"ager, Sebastian and Kirk, Matthew and Lenz, Alexander and Leslie, Kirsten},
    title = "{Charming new physics in rare B-decays and mixing?}",
    eprint = "1701.09183",
    archivePrefix = "arXiv",
    primaryClass = "hep-ph",
    reportNumber = "IPPP-17-5, IPPP/17/5",
    doi = "10.1103/PhysRevD.97.015021",
    journal = "Phys. Rev. D",
    volume = "97",
    number = "1",
    pages = "015021",
    year = "2018"
}

@article{Altmannshofer:2014rta,
    author = "Altmannshofer, Wolfgang and Straub, David M.",
    title = "{New physics in $b\rightarrow s$ transitions after LHC run 1}",
    eprint = "1411.3161",
    archivePrefix = "arXiv",
    primaryClass = "hep-ph",
    doi = "10.1140/epjc/s10052-015-3602-7",
    journal = "Eur. Phys. J. C",
    volume = "75",
    number = "8",
    pages = "382",
    year = "2015"
}
@article{Altmannshofer:2017fio,
    author = "Altmannshofer, Wolfgang and Niehoff, Christoph and Stangl, Peter and Straub, David M.",
    title = "{Status of the $B\rightarrow K^*\mu ^+\mu ^-$ anomaly after Moriond 2017}",
    eprint = "1703.09189",
    archivePrefix = "arXiv",
    primaryClass = "hep-ph",
    doi = "10.1140/epjc/s10052-017-4952-0",
    journal = "Eur. Phys. J. C",
    volume = "77",
    number = "6",
    pages = "377",
    year = "2017"
}
@article{Hiller:2014ula,
    author = "Hiller, Gudrun and Schmaltz, Martin",
    title = "{Diagnosing lepton-nonuniversality in $b \to s \ell \ell$}",
    eprint = "1411.4773",
    archivePrefix = "arXiv",
    primaryClass = "hep-ph",
    reportNumber = "DO-TH-14-25, QFET-2014-21",
    doi = "10.1007/JHEP02(2015)055",
    journal = "JHEP",
    volume = "02",
    pages = "055",
    year = "2015"
}
@article{LHCb:2017avl,
    author = "Aaij, R. and others",
    collaboration = "LHCb",
    title = "{Test of lepton universality with $B^{0} \rightarrow K^{*0}\ell^{+}\ell^{-}$ decays}",
    eprint = "1705.05802",
    archivePrefix = "arXiv",
    primaryClass = "hep-ex",
    reportNumber = "LHCB-PAPER-2017-013, CERN-EP-2017-100",
    doi = "10.1007/JHEP08(2017)055",
    journal = "JHEP",
    volume = "08",
    pages = "055",
    year = "2017"
}
@article{LHCb:2015svh,
    author = "Aaij, Roel and others",
    collaboration = "LHCb",
    title = "{Angular analysis of the $B^{0} \to K^{*0} \mu^{+} \mu^{-}$ decay using 3 fb$^{-1}$ of integrated luminosity}",
    eprint = "1512.04442",
    archivePrefix = "arXiv",
    primaryClass = "hep-ex",
    reportNumber = "CERN-PH-EP-2015-314, LHCB-PAPER-2015-051",
    doi = "10.1007/JHEP02(2016)104",
    journal = "JHEP",
    volume = "02",
    pages = "104",
    year = "2016"
}


@article{LHCb:2020lmf,
    author = "Aaij, Roel and others",
    collaboration = "LHCb",
    title = "{Measurement of $CP$-Averaged Observables in the $B^{0}\rightarrow K^{*0}\mu^{+}\mu^{-}$ Decay}",
    eprint = "2003.04831",
    archivePrefix = "arXiv",
    primaryClass = "hep-ex",
    reportNumber = "LHCb-PAPER-2020-002, CERN-EP-2020-027",
    doi = "10.1103/PhysRevLett.125.011802",
    journal = "Phys. Rev. Lett.",
    volume = "125",
    number = "1",
    pages = "011802",
    year = "2020"
}

@article{LHCb:2020gog,
    author = "Aaij, Roel and others",
    collaboration = "LHCb",
    title = "{Angular Analysis of the  $B^{+}\rightarrow K^{\ast+}\mu^{+}\mu^{-}$ Decay}",
    eprint = "2012.13241",
    archivePrefix = "arXiv",
    primaryClass = "hep-ex",
    reportNumber = "LHCb-PAPER-2020-041, CERN-EP-2020-239",
    doi = "10.1103/PhysRevLett.126.161802",
    journal = "Phys. Rev. Lett.",
    volume = "126",
    number = "16",
    pages = "161802",
    year = "2021"
}


@article{Jenkins:2017jig,
    author = "Jenkins, Elizabeth E. and Manohar, Aneesh V. and Stoffer, Peter",
    title = "{Low-Energy Effective Field Theory below the Electroweak Scale: Operators and Matching}",
    eprint = "1709.04486",
    archivePrefix = "arXiv",
    primaryClass = "hep-ph",
    doi = "10.1007/JHEP03(2018)016",
    journal = "JHEP",
    volume = "03",
    pages = "016",
    year = "2018"
}

@article{Celis:2017hod,
    author = "Celis, Alejandro and Fuentes-Martin, Javier and Vicente, Avelino and Virto, Javier",
    title = "{DsixTools: The Standard Model Effective Field Theory Toolkit}",
    eprint = "1704.04504",
    archivePrefix = "arXiv",
    primaryClass = "hep-ph",
    reportNumber = "LMU-ASC-24-17, IFIC-17-18",
    doi = "10.1140/epjc/s10052-017-4967-6",
    journal = "Eur. Phys. J. C",
    volume = "77",
    number = "6",
    pages = "405",
    year = "2017"
}

@article{Grzadkowski:2010es,
    author = "Grzadkowski, B. and Iskrzynski, M. and Misiak, M. and Rosiek, J.",
    title = "{Dimension-Six Terms in the Standard Model Lagrangian}",
    eprint = "1008.4884",
    archivePrefix = "arXiv",
    primaryClass = "hep-ph",
    reportNumber = "IFT-9-2010, TTP10-35",
    doi = "10.1007/JHEP10(2010)085",
    journal = "JHEP",
    volume = "10",
    pages = "085",
    year = "2010"
}

@article{Altmannshofer:2021qrr,
    author = "Altmannshofer, Wolfgang and Stangl, Peter",
    title = "{New physics in rare B decays after Moriond 2021}",
    eprint = "2103.13370",
    archivePrefix = "arXiv",
    primaryClass = "hep-ph",
    doi = "10.1140/epjc/s10052-021-09725-1",
    journal = "Eur. Phys. J. C",
    volume = "81",
    number = "10",
    pages = "952",
    year = "2021"
}

@article{Aebischer:2018bkb,
    author = "Aebischer, Jason and Kumar, Jacky and Straub, David M.",
    title = "{Wilson: a Python package for the running and matching of Wilson coefficients above and below the electroweak scale}",
    eprint = "1804.05033",
    archivePrefix = "arXiv",
    primaryClass = "hep-ph",
    doi = "10.1140/epjc/s10052-018-6492-7",
    journal = "Eur. Phys. J. C",
    volume = "78",
    number = "12",
    pages = "1026",
    year = "2018"
}

@article{Fuentes-Martin:2020zaz,
    author = "Fuentes-Martin, Javier and Ruiz-Femenia, Pedro and Vicente, Avelino and Virto, Javier",
    title = "{DsixTools 2.0: The Effective Field Theory Toolkit}",
    eprint = "2010.16341",
    archivePrefix = "arXiv",
    primaryClass = "hep-ph",
    reportNumber = "MITP/20-061, IFIC/20-50",
    doi = "10.1140/epjc/s10052-020-08778-y",
    journal = "Eur. Phys. J. C",
    volume = "81",
    number = "2",
    pages = "167",
    year = "2021"
}

@article{Alloul:2013bka,
    author = "Alloul, Adam and Christensen, Neil D. and Degrande, C\'eline and Duhr, Claude and Fuks, Benjamin",
    title = "{FeynRules  2.0 - A complete toolbox for tree-level phenomenology}",
    eprint = "1310.1921",
    archivePrefix = "arXiv",
    primaryClass = "hep-ph",
    reportNumber = "CERN-PH-TH-2013-239, MCNET-13-14, IPPP-13-71, DCPT-13-142, PITT-PACC-1308",
    doi = "10.1016/j.cpc.2014.04.012",
    journal = "Comput. Phys. Commun.",
    volume = "185",
    pages = "2250--2300",
    year = "2014"
}

@article{Alwall:2014hca,
    author = "Alwall, J. and Frederix, R. and Frixione, S. and Hirschi, V. and Maltoni, F. and Mattelaer, O. and Shao, H. -S. and Stelzer, T. and Torrielli, P. and Zaro, M.",
    title = "{The automated computation of tree-level and next-to-leading order differential cross sections, and their matching to parton shower simulations}",
    eprint = "1405.0301",
    archivePrefix = "arXiv",
    primaryClass = "hep-ph",
    reportNumber = "CERN-PH-TH-2014-064, CP3-14-18, LPN14-066, MCNET-14-09, ZU-TH-14-14",
    doi = "10.1007/JHEP07(2014)079",
    journal = "JHEP",
    volume = "07",
    pages = "079",
    year = "2014"
}

@article{Cacciari:2011ma,
    author = "Cacciari, Matteo and Salam, Gavin P. and Soyez, Gregory",
    title = "{FastJet User Manual}",
    eprint = "1111.6097",
    archivePrefix = "arXiv",
    primaryClass = "hep-ph",
    reportNumber = "CERN-PH-TH-2011-297",
    doi = "10.1140/epjc/s10052-012-1896-2",
    journal = "Eur. Phys. J. C",
    volume = "72",
    pages = "1896",
    year = "2012"
}

@article{Bierlich:2022pfr,
    author = "Bierlich, Christian and others",
    title = "{A comprehensive guide to the physics and usage of PYTHIA 8.3}",
    eprint = "2203.11601",
    archivePrefix = "arXiv",
    primaryClass = "hep-ph",
    reportNumber = "LU-TP 22-16, MCNET-22-04, FERMILAB-PUB-22-227-SCD",
    month = "3",
    year = "2022"
}

@article{Catani:1991hj,
    author = "Catani, S. and Dokshitzer, Yuri L. and Olsson, M. and Turnock, G. and Webber, B. R.",
    title = "{New clustering algorithm for multi - jet cross-sections in e+ e- annihilation}",
    reportNumber = "CAVENDISH-HEP-91-5",
    doi = "10.1016/0370-2693(91)90196-W",
    journal = "Phys. Lett. B",
    volume = "269",
    pages = "432--438",
    year = "1991"
}

@article{Catani:1993hr,
    author = "Catani, S. and Dokshitzer, Yuri L. and Seymour, M. H. and Webber, B. R.",
    title = "{Longitudinally invariant $K_t$ clustering algorithms for hadron hadron collisions}",
    reportNumber = "CERN-TH-6775-93, LU-TP-93-2",
    doi = "10.1016/0550-3213(93)90166-M",
    journal = "Nucl. Phys. B",
    volume = "406",
    pages = "187--224",
    year = "1993"
}

@article{Ellis:1993tq,
    author = "Ellis, Stephen D. and Soper, Davison E.",
    title = "{Successive combination jet algorithm for hadron collisions}",
    eprint = "hep-ph/9305266",
    archivePrefix = "arXiv",
    reportNumber = "CERN-TH-6860-93",
    doi = "10.1103/PhysRevD.48.3160",
    journal = "Phys. Rev. D",
    volume = "48",
    pages = "3160--3166",
    year = "1993"
}

@article{Gherardi:2020det,
    author = "Gherardi, Valerio and Marzocca, David and Venturini, Elena",
    title = "{Matching scalar leptoquarks to the SMEFT at one loop}",
    eprint = "2003.12525",
    archivePrefix = "arXiv",
    primaryClass = "hep-ph",
    doi = "10.1007/JHEP07(2020)225",
    journal = "JHEP",
    volume = "07",
    pages = "225",
    year = "2020",
    note = "[Erratum: JHEP 01, 006 (2021)]"
}
@article{Bauer:2015knc,
    author = "Bauer, Martin and Neubert, Matthias",
    title = "{Minimal Leptoquark Explanation for the $R_{D^{(*)}}$ , $R_K$ , and $(g-2)_\mu$ Anomalies}",
    eprint = "1511.01900",
    archivePrefix = "arXiv",
    primaryClass = "hep-ph",
    reportNumber = "MITP-15-100",
    doi = "10.1103/PhysRevLett.116.141802",
    journal = "Phys. Rev. Lett.",
    volume = "116",
    number = "14",
    pages = "141802",
    year = "2016"
}
@article{Buttazzo:2020ibd,
    author = "Buttazzo, Dario and Paradisi, Paride",
    title = "{Probing the muon $g-2$ anomaly with the Higgs boson at a muon collider}",
    eprint = "2012.02769",
    archivePrefix = "arXiv",
    primaryClass = "hep-ph",
    doi = "10.1103/PhysRevD.104.075021",
    journal = "Phys. Rev. D",
    volume = "104",
    number = "7",
    pages = "075021",
    year = "2021"
}
@article{Han:2020uak,
    author = "Han, Tao and Liu, Zhen and Wang, Lian-Tao and Wang, Xing",
    title = "{WIMPs at High Energy Muon Colliders}",
    eprint = "2009.11287",
    archivePrefix = "arXiv",
    primaryClass = "hep-ph",
    reportNumber = "PITT-PACC 2009",
    doi = "10.1103/PhysRevD.103.075004",
    journal = "Phys. Rev. D",
    volume = "103",
    number = "7",
    pages = "075004",
    year = "2021"
}
@article{Capdevilla:2021kcf,
    author = "Capdevilla, Rodolfo and Curtin, David and Kahn, Yonatan and Krnjaic, Gordan",
    title = "{Systematically testing singlet models for (g \ensuremath{-} 2)$_{\mu}$}",
    eprint = "2112.08377",
    archivePrefix = "arXiv",
    primaryClass = "hep-ph",
    reportNumber = "FERMILAB-PUB-21-737-T",
    doi = "10.1007/JHEP04(2022)129",
    journal = "JHEP",
    volume = "04",
    pages = "129",
    year = "2022"
}
@article{Bottaro:2021snn,
    author = "Bottaro, Salvatore and Buttazzo, Dario and Costa, Marco and Franceschini, Roberto and Panci, Paolo and Redigolo, Diego and Vittorio, Ludovico",
    title = "{Closing the window on WIMP Dark Matter}",
    eprint = "2107.09688",
    archivePrefix = "arXiv",
    primaryClass = "hep-ph",
    doi = "10.1140/epjc/s10052-021-09917-9",
    journal = "Eur. Phys. J. C",
    volume = "82",
    number = "1",
    pages = "31",
    year = "2022"
}
@article{Buttazzo:2020uzc,
    author = "Buttazzo, Dario and Franceschini, Roberto and Wulzer, Andrea",
    title = "{Two Paths Towards Precision at a Very High Energy Lepton Collider}",
    eprint = "2012.11555",
    archivePrefix = "arXiv",
    primaryClass = "hep-ph",
    reportNumber = "CERN-TH-2020-216",
    doi = "10.1007/JHEP05(2021)219",
    journal = "JHEP",
    volume = "05",
    pages = "219",
    year = "2021"
}
@article{Capdevilla:2021rwo,
    author = "Capdevilla, Rodolfo and Curtin, David and Kahn, Yonatan and Krnjaic, Gordan",
    title = "{No-lose theorem for discovering the new physics of (g-2)\ensuremath{\mu} at muon colliders}",
    eprint = "2101.10334",
    archivePrefix = "arXiv",
    primaryClass = "hep-ph",
    reportNumber = "FERMILAB-PUB-21-012-T",
    doi = "10.1103/PhysRevD.105.015028",
    journal = "Phys. Rev. D",
    volume = "105",
    number = "1",
    pages = "015028",
    year = "2022"
}
@article{Delahaye:2019omf,
    author = "Delahaye, Jean Pierre and Diemoz, Marcella and Long, Ken and Mansouli\'e, Bruno and Pastrone, Nadia and Rivkin, Lenny and Schulte, Daniel and Skrinsky, Alexander and Wulzer, Andrea",
    title = "{Muon Colliders}",
    eprint = "1901.06150",
    archivePrefix = "arXiv",
    primaryClass = "physics.acc-ph",
    month = "1",
    year = "2019"
}
@article{Capdevilla:2020qel,
    author = "Capdevilla, Rodolfo and Curtin, David and Kahn, Yonatan and Krnjaic, Gordan",
    title = "{Discovering the physics of $(g-2)_\mu$ at future muon colliders}",
    eprint = "2006.16277",
    archivePrefix = "arXiv",
    primaryClass = "hep-ph",
    reportNumber = "FERMILAB-PUB-20-290-T",
    doi = "10.1103/PhysRevD.103.075028",
    journal = "Phys. Rev. D",
    volume = "103",
    number = "7",
    pages = "075028",
    year = "2021"
}
@article{Costantini:2020stv,
    author = "Costantini, Antonio and De Lillo, Federico and Maltoni, Fabio and Mantani, Luca and Mattelaer, Olivier and Ruiz, Richard and Zhao, Xiaoran",
    title = "{Vector boson fusion at multi-TeV muon colliders}",
    eprint = "2005.10289",
    archivePrefix = "arXiv",
    primaryClass = "hep-ph",
    reportNumber = "CP3-20-20, MCNET-20-12, VBSCAN-PUB-03-20",
    doi = "10.1007/JHEP09(2020)080",
    journal = "JHEP",
    volume = "09",
    pages = "080",
    year = "2020"
}
@article{Aime:2022flm,
    author = "Aime, Chiara and others",
    title = "{Muon Collider Physics Summary}",
    eprint = "2203.07256",
    archivePrefix = "arXiv",
    primaryClass = "hep-ph",
    reportNumber = "FERMILAB-PUB-22-377-PPD",
    month = "3",
    year = "2022"
}
@article{MuonCollider:2022xlm,
    author = "de Blas, Jorge and others",
    collaboration = "Muon Collider",
    title = "{The physics case of a 3 TeV muon collider stage}",
    eprint = "2203.07261",
    archivePrefix = "arXiv",
    primaryClass = "hep-ph",
    reportNumber = "FERMILAB-CONF-22-317-AD-ND-PPD-SCD-TD",
    month = "3",
    year = "2022"
}
@article{Shiltsev:2019rfl,
    author = "Shiltsev, Vladimir and Zimmermann, Frank",
    title = "{Modern and Future Colliders}",
    eprint = "2003.09084",
    archivePrefix = "arXiv",
    primaryClass = "physics.acc-ph",
    reportNumber = "FERMILAB-PUB-19-481-AD-APC",
    doi = "10.1103/RevModPhys.93.015006",
    journal = "Rev. Mod. Phys.",
    volume = "93",
    pages = "015006",
    year = "2021"
}
@article{Chiesa:2020awd,
    author = "Chiesa, Mauro and Maltoni, Fabio and Mantani, Luca and Mele, Barbara and Piccinini, Fulvio and Zhao, Xiaoran",
    title = "{Measuring the quartic Higgs self-coupling at a multi-TeV muon collider}",
    eprint = "2003.13628",
    archivePrefix = "arXiv",
    primaryClass = "hep-ph",
    reportNumber = "CP3-20-15, LAPTH-013/20, MCnet-20-12",
    doi = "10.1007/JHEP09(2020)098",
    journal = "JHEP",
    volume = "09",
    pages = "098",
    year = "2020"
}
@article{Ma:2001md,
    author = "Ma, Ernest and Roy, D. P. and Roy, Sourov",
    title = "{Gauged L(mu) - L(tau) with large muon anomalous magnetic moment and the bimaximal mixing of neutrinos}",
    eprint = "hep-ph/0110146",
    archivePrefix = "arXiv",
    reportNumber = "UCRHEP-T320, TIFR-TH-01-39",
    doi = "10.1016/S0370-2693(01)01428-9",
    journal = "Phys. Lett. B",
    volume = "525",
    pages = "101--106",
    year = "2002"
}
@article{Altmannshofer:2014cfa,
    author = "Altmannshofer, Wolfgang and Gori, Stefania and Pospelov, Maxim and Yavin, Itay",
    title = "{Quark flavor transitions in $L_\mu-L_\tau$ models}",
    eprint = "1403.1269",
    archivePrefix = "arXiv",
    primaryClass = "hep-ph",
    doi = "10.1103/PhysRevD.89.095033",
    journal = "Phys. Rev. D",
    volume = "89",
    pages = "095033",
    year = "2014"
}
@article{Baek:2001kca,
    author = "Baek, Seungwon and Deshpande, N. G. and He, X. G. and Ko, P.",
    title = "{Muon anomalous g-2 and gauged L(muon) - L(tau) models}",
    eprint = "hep-ph/0104141",
    archivePrefix = "arXiv",
    reportNumber = "KAIST-TH-2001-08",
    doi = "10.1103/PhysRevD.64.055006",
    journal = "Phys. Rev. D",
    volume = "64",
    pages = "055006",
    year = "2001"
}
@article{Fox:2011qd,
    author = "Fox, Patrick J. and Liu, Jia and Tucker-Smith, David and Weiner, Neal",
    title = "{An Effective Z'}",
    eprint = "1104.4127",
    archivePrefix = "arXiv",
    primaryClass = "hep-ph",
    reportNumber = "FERMILAB-PUB-11-179-T",
    doi = "10.1103/PhysRevD.84.115006",
    journal = "Phys. Rev. D",
    volume = "84",
    pages = "115006",
    year = "2011"
}

@article{Collamati:2021sbv,
    author = "Collamati, Francesco and Curatolo, Camilla and Lucchesi, Donatella and Mereghetti, Alessio and Mokhov, Nikolai and Palmer, Mark and Sala, Paola",
    title = "{Advanced assessment of beam-induced background at a muon collider}",
    eprint = "2105.09116",
    archivePrefix = "arXiv",
    primaryClass = "physics.acc-ph",
    reportNumber = "FERMILAB-PUB-21-345-AD
",
    doi = "10.1088/1748-0221/16/11/P11009",
    journal = "JINST",
    volume = "16",
    number = "11",
    pages = "P11009",
    year = "2021"
}

@article{Nachman:2022emq,
    author = "Nachman, Ben and others",
    title = "{Jets and Jet Substructure at Future Colliders}",
    eprint = "2203.07462",
    archivePrefix = "arXiv",
    primaryClass = "hep-ph",
    reportNumber = "FERMILAB-PUB-22-186-SCD-T",
    doi = "10.3389/fphy.2022.897719",
    journal = "Front. in Phys.",
    volume = "10",
    pages = "897719",
    year = "2022"
}

@article{FCC:2018vvp,
    author = "Abada, A. and others",
    collaboration = "FCC",
    title = "{FCC-hh: The Hadron Collider}: {Future Circular Collider Conceptual Design Report Volume 3}",
    reportNumber = "CERN-ACC-2018-0058",
    doi = "10.1140/epjst/e2019-900087-0",
    journal = "Eur. Phys. J. ST",
    volume = "228",
    number = "4",
    pages = "755--1107",
    year = "2019"
}

@article{ATLAS:2019bwq,
    author = "Aad, Georges and others",
    collaboration = "ATLAS",
    title = "{ATLAS b-jet identification performance and efficiency measurement with $t{\bar{t}}$ events in pp collisions at $\sqrt{s}=13$ TeV}",
    eprint = "1907.05120",
    archivePrefix = "arXiv",
    primaryClass = "hep-ex",
    reportNumber = "CERN-EP-2019-132",
    doi = "10.1140/epjc/s10052-019-7450-8",
    journal = "Eur. Phys. J. C",
    volume = "79",
    number = "11",
    pages = "970",
    year = "2019"
}

@article{ATLAS:2021cxe,
    author = "Aad, Georges and others",
    collaboration = "ATLAS",
    title = "{Measurement of the c-jet mistagging efficiency in $t\bar{t}$~events using pp collision data at $\sqrt{s}=13$~$\text {TeV}$ collected with the ATLAS detector}",
    eprint = "2109.10627",
    archivePrefix = "arXiv",
    primaryClass = "hep-ex",
    reportNumber = "CERN-EP-2021-166",
    doi = "10.1140/epjc/s10052-021-09843-w",
    journal = "Eur. Phys. J. C",
    volume = "82",
    number = "1",
    pages = "95",
    year = "2022"
}

@techreport{CMS-PAS-BPH-21-006,
      collaboration = "CMS",
      title         = "{Measurement of ${\rm B^0_s}\to\mu^+\mu^-$ decay
                       properties and search for the ${\rm B}^0\to\mu\mu$ decay in
                       proton-proton collisions at $\sqrt{s}=13~\rm{TeV}$}",
      institution   = "CERN",
      reportNumber  = "CMS-PAS-BPH-21-006",
      address       = "Geneva",
      year          = "2022",
      url           = "https://cds.cern.ch/record/2815334",
}

@article{LHCb:2022qnv,
    collaboration = "LHCb",
    title = "{Test of lepton universality in $b \rightarrow s \ell^+ \ell^-$ decays}",
    eprint = "2212.09152",
    archivePrefix = "arXiv",
    primaryClass = "hep-ex",
    reportNumber = "LHCb-PAPER-2022-046, CERN-EP-2022-277",
    month = "12",
    year = "2022"
}

@article{LHCb:2022zom,
    collaboration = "LHCb",
    title = "{Measurement of lepton universality parameters in $B^+\to K^+\ell^+\ell^-$ and $B^0\to K^{*0}\ell^+\ell^-$ decays}",
    eprint = "2212.09153",
    archivePrefix = "arXiv",
    primaryClass = "hep-ex",
    reportNumber = "LHCb-PAPER-2022-045, CERN-EP-2022-278",
    month = "12",
    year = "2022"
}

@article{Ciuchini:2022wbq,
    author = "Ciuchini, Marco and Fedele, Marco and Franco, Enrico and Paul, Ayan and Silvestrini, Luca and Valli, Mauro",
    title = "{Constraints on Lepton Universality Violation from Rare $B$ Decays}",
    eprint = "2212.10516",
    archivePrefix = "arXiv",
    primaryClass = "hep-ph",
    reportNumber = "P3H-22-127, TTP22-073, YITP-SB-22-42",
    month = "12",
    year = "2022"
}

@article{Yin:2020afe,
    author = "Yin, Wen and Yamaguchi, Masahiro",
    title = "{Muon g-2 at a multi-TeV muon collider}",
    eprint = "2012.03928",
    archivePrefix = "arXiv",
    primaryClass = "hep-ph",
    doi = "10.1103/PhysRevD.106.033007",
    journal = "Phys. Rev. D",
    volume = "106",
    number = "3",
    pages = "033007",
    year = "2022"
}

@article{Huang:2021biu,
    author = "Huang, Guo-yuan and Jana, Sudip and Queiroz, Farinaldo S. and Rodejohann, Werner",
    title = "{Probing the RK(*) anomaly at a muon collider}",
    eprint = "2103.01617",
    archivePrefix = "arXiv",
    primaryClass = "hep-ph",
    doi = "10.1103/PhysRevD.105.015013",
    journal = "Phys. Rev. D",
    volume = "105",
    number = "1",
    pages = "015013",
    year = "2022"
}

@article{Bar-Shalom:1997ezk,
    author = "Bar-Shalom, S. and Eilam, G. and Soni, A. and Wudka, J.",
    title = "{Probing the flavor changing tc vertex via tree level processes: e+ e- ---\ensuremath{>} t anti-c electron-neutrino anti-electron-neutrino, t anti-c e+ e- and t ---\ensuremath{>} c W+ W-}",
    eprint = "hep-ph/9703221",
    archivePrefix = "arXiv",
    reportNumber = "UCRHEP-T-185",
    doi = "10.1103/PhysRevLett.79.1217",
    journal = "Phys. Rev. Lett.",
    volume = "79",
    pages = "1217--1220",
    year = "1997"
}

@article{Bar-Shalom:1997htk,
    author = "Bar-Shalom, S. and Eilam, G. and Soni, A. and Wudka, J.",
    title = "{Implications of a W+ W- (Z Z) - Higgs - t anti-c interaction for e+ e- ---\ensuremath{>} t anti-c electron-neutrino anti-electron-neutrino, t anti-c e+ e-, t anti-c Z and for t ---\ensuremath{>} c W+ W-, c Z Z in a two Higgs doublet model}",
    eprint = "hep-ph/9708358",
    archivePrefix = "arXiv",
    reportNumber = "UCRHEP-T200",
    doi = "10.1103/PhysRevD.57.2957",
    journal = "Phys. Rev. D",
    volume = "57",
    pages = "2957--2968",
    year = "1998"
}

@article{Bar-Shalom:1999dtk,
    author = "Bar-Shalom, S. and Wudka, J.",
    title = "{Flavor changing single top quark production channels at e+ e- colliders in the effective Lagrangian description}",
    eprint = "hep-ph/9905407",
    archivePrefix = "arXiv",
    reportNumber = "UCRHEP-T254",
    doi = "10.1103/PhysRevD.60.094016",
    journal = "Phys. Rev. D",
    volume = "60",
    pages = "094016",
    year = "1999"
}

@article{Bause:2020auq,
    author = "Bause, Rigo and Gisbert, Hector and Golz, Marcel and Hiller, Gudrun",
    title = "{Lepton universality and lepton flavor conservation tests with dineutrino modes}",
    eprint = "2007.05001",
    archivePrefix = "arXiv",
    primaryClass = "hep-ph",
    reportNumber = "DO-TH 20/07",
    doi = "10.1140/epjc/s10052-022-10113-6",
    journal = "Eur. Phys. J. C",
    volume = "82",
    number = "2",
    pages = "164",
    year = "2022"
}
@article{Crivellin:2015mga,
    author = "Crivellin, Andreas and D'Ambrosio, Giancarlo and Heeck, Julian",
    title = "{Explaining $h\to\mu^\pm\tau^\mp$, $B\to K^* \mu^+\mu^-$ and $B\to K \mu^+\mu^-/B\to K e^+e^-$ in a two-Higgs-doublet model with gauged $L_\mu-L_\tau$}",
    eprint = "1501.00993",
    archivePrefix = "arXiv",
    primaryClass = "hep-ph",
    reportNumber = "CERN-PH-TH-2015-001, ULB-TH-14-26",
    doi = "10.1103/PhysRevLett.114.151801",
    journal = "Phys. Rev. Lett.",
    volume = "114",
    pages = "151801",
    year = "2015"
}
@article{Crivellin:2015lwa,
    author = "Crivellin, Andreas and D'Ambrosio, Giancarlo and Heeck, Julian",
    title = "{Addressing the LHC flavor anomalies with horizontal gauge symmetries}",
    eprint = "1503.03477",
    archivePrefix = "arXiv",
    primaryClass = "hep-ph",
    reportNumber = "CERN-PH-TH-2015-046, ULB-TH-15-03",
    doi = "10.1103/PhysRevD.91.075006",
    journal = "Phys. Rev. D",
    volume = "91",
    number = "7",
    pages = "075006",
    year = "2015"
}
@article{Calibbi:2017qbu,
    author = "Calibbi, Lorenzo and Crivellin, Andreas and Li, Tianjun",
    title = "{Model of vector leptoquarks in view of the $B$-physics anomalies}",
    eprint = "1709.00692",
    archivePrefix = "arXiv",
    primaryClass = "hep-ph",
    reportNumber = "PSI-PR-12-17",
    doi = "10.1103/PhysRevD.98.115002",
    journal = "Phys. Rev. D",
    volume = "98",
    number = "11",
    pages = "115002",
    year = "2018"
}
@article{Calibbi:2015kma,
    author = "Calibbi, Lorenzo and Crivellin, Andreas and Ota, Toshihiko",
    title = "{Effective Field Theory Approach to $b\to s\ell\ell^{(')}$, $B\to  K^{(*)}\nu\overline{\nu}$ and $B\to D^{(*)}\tau\nu$ with Third  Generation Couplings}",
    eprint = "1506.02661",
    archivePrefix = "arXiv",
    primaryClass = "hep-ph",
    reportNumber = "CERN-PH-TH-2015-134, STUPP-15-222",
    doi = "10.1103/PhysRevLett.115.181801",
    journal = "Phys. Rev. Lett.",
    volume = "115",
    pages = "181801",
    year = "2015"
}
@article{Blanke:2018sro,
    author = "Blanke, Monika and Crivellin, Andreas",
    title = "{$B$ Meson Anomalies in a Pati-Salam Model within the Randall-Sundrum Background}",
    eprint = "1801.07256",
    archivePrefix = "arXiv",
    primaryClass = "hep-ph",
    reportNumber = "PSI-PR-18-01, TTP18-005",
    doi = "10.1103/PhysRevLett.121.011801",
    journal = "Phys. Rev. Lett.",
    volume = "121",
    number = "1",
    pages = "011801",
    year = "2018"
}
@article{Crivellin:2017zlb,
    author = {Crivellin, Andreas and M\"uller, Dario and Ota, Toshihiko},
    title = "{Simultaneous explanation of R(D$^{(*)}$) and b\textrightarrow{}s\ensuremath{\mu}$^{+}$ \ensuremath{\mu}$^{-}$: the last scalar leptoquarks standing}",
    eprint = "1703.09226",
    archivePrefix = "arXiv",
    primaryClass = "hep-ph",
    reportNumber = "PSI-PR-17-04, YACHAY-PUB-17-03-PN, ZU-TH-05-17",
    doi = "10.1007/JHEP09(2017)040",
    journal = "JHEP",
    volume = "09",
    pages = "040",
    year = "2017"
}

@article{Allanach:2015gkd,
    author = "Allanach, Ben and Queiroz, Farinaldo S. and Strumia, Alessandro and Sun, Sichun",
    title = "{$Z'$ models for the LHCb and $g-2$ muon anomalies}",
    eprint = "1511.07447",
    archivePrefix = "arXiv",
    primaryClass = "hep-ph",
    reportNumber = "CETUP2015-028",
    doi = "10.1103/PhysRevD.93.055045",
    journal = "Phys. Rev. D",
    volume = "93",
    number = "5",
    pages = "055045",
    year = "2016",
    note = "[Erratum: Phys.Rev.D 95, 119902 (2017)]"
}

@article{Butterworth:2008iy,
    author = "Butterworth, Jonathan M. and Davison, Adam R. and Rubin, Mathieu and Salam, Gavin P.",
    title = "{Jet substructure as a new Higgs search channel at the LHC}",
    eprint = "0802.2470",
    archivePrefix = "arXiv",
    primaryClass = "hep-ph",
    doi = "10.1103/PhysRevLett.100.242001",
    journal = "Phys. Rev. Lett.",
    volume = "100",
    pages = "242001",
    year = "2008"
}

@article{Kaplan:2008ie,
    author = "Kaplan, David E. and Rehermann, Keith and Schwartz, Matthew D. and Tweedie, Brock",
    title = "{Top Tagging: A Method for Identifying Boosted Hadronically Decaying Top Quarks}",
    eprint = "0806.0848",
    archivePrefix = "arXiv",
    primaryClass = "hep-ph",
    doi = "10.1103/PhysRevLett.101.142001",
    journal = "Phys. Rev. Lett.",
    volume = "101",
    pages = "142001",
    year = "2008"
}

@article{Kilian:2021whd,
    author = "Kilian, Wolfgang and Sun, Sichun and Yan, Qi-Shu and Zhao, Xiaoran and Zhao, Zhijie",
    title = "{Highly Boosted Higgs Bosons and Unitarity in Vector-Boson Fusion at Future Hadron Colliders}",
    eprint = "2101.12537",
    archivePrefix = "arXiv",
    primaryClass = "hep-ph",
    reportNumber = "SI-HEP-2021-05, CP3-21-02",
    doi = "10.1007/JHEP05(2021)198",
    journal = "JHEP",
    volume = "05",
    pages = "198",
    year = "2021"
}
